
@book{sjjg,
  author = {严蔚敏等},
  title = {数据结构（C语言版）},
  publisher = {清华大学出版社},
  year={2015},
}
@Online{HUSTPaperTemp,
  author = {zxc479773533},
  title = {HUST-CS-Report-Template},
  url = {https://github.com/zxc479773533/HUST-CS-Report-Template},
}

@book{Mehrabian1974An,
	author={Larry Nyhoff},
	title={ADTs, Data Structures, and Problem Solving with C++ Second Edition},
	publisher={Calvin College},
	year={2005}
}
@book{LTE2015MIP,
	booktitle={Qt C++跨平台图形界面程序设计基础},
	author={殷立峰},
	publisher={清华大学出版社},
	year={2014},
	pages          = {192~197},
}

@BOOK{Dai2008Semantic,
	booktitle={数据结构题集（C语言版）},
	author={严蔚敏},
	publisher={清华大学出版社},
	year={2015},
}
